<?xml version="1.0" encoding="UTF-8"?><collection xmlns="http://www.loc.gov/MARC21/slim"><record><leader>00481nam--2200169-i-4500</leader><controlfield tag="001">000046211</controlfield><controlfield tag="002">20161230</controlfield><controlfield tag="005">20161230201045</controlfield><controlfield tag="008">060222s1000------------r-----000-0-eng-d</controlfield><datafield ind1=" " ind2=" " tag="040"><subfield code="a">IFIN-HH</subfield></datafield><datafield ind1=" " ind2=" " tag="080"><subfield code="a">539.12.01(043)</subfield></datafield><datafield ind1="1" ind2=" " tag="100"><subfield code="a">Van Oldenborgh, Geert Jan</subfield></datafield><datafield ind1="1" ind2="0" tag="245"><subfield code="a">One-loop calculations with massive particles</subfield><subfield code="b">Dissertation</subfield><subfield code="c">Geert jan van oldenborgh</subfield></datafield><datafield ind1=" " ind2=" " tag="260"><subfield code="a">Amsterdam</subfield><subfield code="b">University</subfield><subfield code="c">1990</subfield></datafield><datafield ind1=" " ind2=" " tag="300"><subfield code="a">116P</subfield></datafield><datafield ind1=" " ind2=" " tag="852"><subfield code="a">79820</subfield><subfield code="c">539.131</subfield></datafield><datafield ind1=" " ind2=" " tag="CAT"><subfield code="a">Sys</subfield><subfield code="c">20120314</subfield><subfield code="h">164148</subfield></datafield></record></collection>